% Encoding: UTF-8
%% This BibTeX bibliography file was created using BibDesk.
%% http://bibdesk.sourceforge.net/


%% Created for Chris Renton at 2013-10-29 11:09:03 +1100 


%% Saved with string encoding Unicode (UTF-8) 



@book{jay1995write,
	Author = {Jay, Ros},
	Date-Added = {2013-10-28 23:54:06 +0000},
	Date-Modified = {2013-10-28 23:54:06 +0000},
	Publisher = {Pitman},
	Title = {How to write proposals and reports that get results},
	Year = {1995}}

@book{troyka1999simon,
	Author = {Troyka, Lynn Quitman and Hesse, Douglas Dean and Strom, Cy},
	Date-Added = {2013-10-28 23:52:53 +0000},
	Date-Modified = {2013-10-28 23:52:53 +0000},
	Publisher = {Prentice Hall},
	Title = {Simon \& Schuster handbook for writers},
	Year = {1999}}

@book{strunk2007elements,
	Author = {Strunk, William},
	Date-Added = {2013-10-28 23:51:47 +0000},
	Date-Modified = {2013-10-28 23:51:47 +0000},
	Publisher = {Penguin},
	Title = {The elements of style},
	Year = {2007}}

@Misc{TFwebsite2,
  author = {{Google Brain}},
  title  = {TensorFlow.org},
  year   = {2019},
  url    = {https://www.tensorflow.org/},
}

@Book{HandsOnMLTextbook,
  title     = {Hands on Machine Learning with Scikit, Keras \& Tensorflow},
  publisher = {O'Reilly},
  year      = {2017},
  author    = {Aurelien Geron},
}

@Misc{convertTF,
  author = {{Google Brain}},
  title  = {Get started with TensorFlow Lite},
  year   = {2019},
  url    = {https://www.tensorflow.org/install/pip},
}

@Misc{TFpythonVer,
  author = {{Google Brain}},
  title  = {Install TensorFlow with pip | TensorFlow},
  year   = {2019},
  url    = {https://www.tensorflow.org/lite/guide/get_started#2_convert_the_model_format},
}

@Misc{scikit-learn-pyV,
 title={Release History â€” scikit-learn 0.21.2 documentation},
 author={Pedregosa, F. and Varoquaux, G. and Gramfort, A. and Michel, V.
         and Thirion, B. and Grisel, O. and Blondel, M. and Prettenhofer, P.
         and Weiss, R. and Dubourg, V. and Vanderplas, J. and Passos, A. and
         Cournapeau, D. and Brucher, M. and Perrot, M. and Duchesnay, E.},
 year={2019},
 url    = {https://www.tensorflow.org/lite/guide/get_started#2_convert_the_model_format}
 }

@article{scikit-learn,
 title={Scikit-learn: Machine Learning in {P}ython},
 author={Pedregosa, F. and Varoquaux, G. and Gramfort, A. and Michel, V.
         and Thirion, B. and Grisel, O. and Blondel, M. and Prettenhofer, P.
         and Weiss, R. and Dubourg, V. and Vanderplas, J. and Passos, A. and
         Cournapeau, D. and Brucher, M. and Perrot, M. and Duchesnay, E.},
 journal={Journal of Machine Learning Research},
 volume={12},
 pages={2825--2830},
 year={2011}
}

@book{witten2016data,
  title={Data Mining: Practical machine learning tools and techniques},
  author={Witten, Ian H and Frank, Eibe and Hall, Mark A and Pal, Christopher J},
  year={2016},
  publisher={Morgan Kaufmann}
}

@Comment{jabref-meta: databaseType:bibtex;}
